@Article{wsr51,
  title =	"A Method for Chronologically Ordering Archaeological Deposits",
  author =	"W. S. Robinson",
  journal =	"American Antiquity ",
  year = 	"1951",
  number =	"4",
  volume =	"16",
  pages =	"293--301",
}

NOTUSEDMisc{haj57,
[Ha j57] G. Ha j¨os. ¨ 
Uber eine Art von Graphen. Internationale Mathematische 
Nachrichten, 11, Problem 65, 1957. In German language. }


@Article{sb59,
  author =	"S. Benzer",
  title =	"On the topology of the genetic fine structure",
  journal =	"Proc. Nat. Acad. Sci. U.S.A.",
  pages =	"1607--1620",
  year = 	"1959",
  volume =	"45",
}

@Article{lb62,
  author =	"C. G. Lekkerkerker and J. Ch. Boland",
  title =	"Representation of a finite graph by a set of intervals on the real line",
  journal =     "Fundamenta Mathematicae",
  year =        {1962/1963},
  pages =	"45--64",
  volume =      "51",
  URL  = "http://journals.impan.gov.pl/fm/",
}

@Article{gh64,
  author =	"P. C. Gilmore and A. J. Hoffman",
  title =	"A characterization of comparability graphs and of
		 interval graphs",
  journal =	"Can.~J. Math.",
  pages =	"539--548",
  year = 	"1964",
  volume =	"16",
  cdate =	"1970-01-01",
  mdate =	"2005-08-18",
}

@Article{fg65,
  author =	"D. R. Fulkerson and O. A. Gross",
  title =	"Incidence matrices and interval graphs",
  journal =	"Pac.~J. Math.",
  pages =	"835--855",
  year = 	"1965",
  volume =	"15",
  cdate =	"1970-01-01",
  mdate =	"2005-08-18",
}


@Article{lec67,
  author = 	 {A. Lempel, S. Even and I. Cederbaum},
  title = 	 {An Algorithm for Planarity Testing of Graphs},
  journal = 	 {Theory of Graphs},
  year = 	 {1967},
  OPTkey = 	 {},
  OPTvolume = 	 {},
  OPTnumber = 	 {},
  pages = 	 {215--232},
  OPTmonth = 	 {},
  OPTnote = 	 {ed., P. Rosenstiehl, Gordon and Breach, New York},
  OPTannote = 	 {}
}

@Article{ken69,
  author = 	 {D. Kendall},
  title = 	 {Incidence matrices, Interval graphs and Seriation in Archaeology},
  journal = 	 {Pacific Journal of Mathematics},
  year = 	 {1969},
}

@InProceedings{rob69,
  author = 	 {Fred. S. Roberts},
  title = 	 {Indiﬀerence graphs},
  OPTcrossref =  {},
  OPTkey = 	 {},
  booktitle = {Proof Techniques in Graph Theory},
  pages = 	 {139--146},
  year = 	 {1969},
  editor = 	 {Frank Harary},
  OPTvolume = 	 {},
  OPTnumber = 	 {},
  OPTseries = 	 {},
  OPTaddress = 	 {},
  OPTmonth = 	 {},
  OPTorganization = {},
  publisher = {Academic Press},
  OPTnote = 	 {},
  OPTannote = 	 {}
}

@article{plr70,
 author = {Peter L. Renz},
 title = {Intersection representations of graphs by arcs},
 journal = {Pacific J. Math.},
 volume = {34},
 number = {2},
 year = {1970},
 pages = {501--510},
 }

@Article{at72,
  author =	"Alan Tucker",
  title =	"A structure theorem for the consecutive 1's property",
  journal =	"J. Comb.~Theory Series B",
  pages =	"153--162",
  year = 	"1972",
  volume =	"12",
  publisher =	"Academic Press",
  address =	"New York-San Francisco-London-San Diego",
  cdate =	"1970-01-01",
  mdate =	"2005-08-18",
}

@PhdThesis{jrw72phd,
  author = 	 {J. R. Walter},
  title = 	 {Representation of rigid cycle graphs},
  school = 	 {Wayne State University},
  year = 	 {1972},
  OPTkey = 	 {},
  OPTtype = 	 {},
  OPTaddress = 	 {},
  OPTmonth = 	 {},
  OPTnote = 	 {},
  OPTannote = 	 {}
}

@Article{gav74,
  author = 	 {Fanica Gavril},
  title = 	 {Algorithms on circular-arc graphs},
  journal = 	 {Networks},
  year = 	 {1974}, 
  OPTkey = 	 {},
  volume = 	 {4},
  OPTnumber = 	 {},
  pages = 	 {357--369},
  OPTmonth = 	 {},
  OPTnote = 	 {},
  OPTannote = 	 {}
}

@Article{gav74b,
  author = 	 {Fanica Gavril},
  title = 	 {The intersection graphs of subtrees in trees are exactly the chordal graphs},
  journal = 	 {J. Combin. Theory},
  year = 	 {1974}, 
  OPTkey = 	 {},
  volume = 	 {16},
  OPTnumber = 	 {},
  pages = 	 {47--56},
  OPTmonth = 	 {},
  OPTnote = 	 {},
  OPTannote = 	 {}
}

@Article{bun74,
  author = 	 {Peter Buneman},
  title = 	 {A characterization of rigid circuit graphs},
  journal = 	 {Discrete Math.},
  year = 	 {1974}, 
  OPTkey = 	 {},
  volume = 	 {9},
  OPTnumber = 	 {},
  pages = 	 {205--212},
  OPTmonth = 	 {},
  OPTnote = 	 {},
  OPTannote = 	 {}
}

@PhDThesis{b75-phd, 
  author =	"Kellogg S. Booth",
  title =	"PQ-tree algorithms",
  school        = "Univ. California, Berkeley",
  year = {1975},
}

@Article{bl76,
  title =	"Testing for the Consecutive Ones Property, Interval
		 Graphs, and Graph Planarity Using {$PQ$}-Tree
		 Algorithms",
  author =	"Kellogg S. Booth and George S. Lueker",
  pages =	"335--379",
  journal =	"Journal of Computer and System Sciences",
  year = 	"1976",
  month =	dec,
  volume =	"13",
  number =	"3",
  preliminary =  "STOC::BoothL1975",
}

@Article{jll76,
  author =	"Neil D. Jones and Y. Edmund Lien and William T. Laaser",
  title =	"New Problems Complete for Nondeterministic Log Space",
  journal =	"MST: Mathematical Systems Theory",
  volume =	"10",
  year = 	"1976",
}

@Article{k77,
  title =	"Polynomial Complete Consecutive Information Retrieval
		 Problems",
  author =	"Lawrence T. Kou",
  pages =	"67--75",
  journal =	"SIAM Journal on Computing",
  year = 	"1977",
  month =	mar,
  volume =	"6",
  number =	"1",
}

@article{gav78,
  title = "A recognition algorithm for the intersection graphs of paths in trees",
  journal = "Discrete Mathematics",
  volume = "23",
  number = "3",
  pages = "211 - 227",
  year = "1978",
  author = "Fanica Gavril",
}

@Book{gj79,
  author =	"M.~R.~Garey and D.~S.~Johnson",
  publisher =	"Freeman, San Francisco",
  title =	"Computers and Intractability",
  year = 	1979,
}

@Article{adp80,
  title =	"Structure Preserving Reductions among Convex
		 Optimization Problems",
  author =	"Giorgio Ausiello and Alessandro D'Atri and Marco
		 Protasi",
  journal =	"J. Comput. Syst. Sci",
  year = 	"1980",
  number =	"1",
  volume =	"21",
  pages =	"136--153",
}

@InProceedings{v82,
  author =	"Marinus Veldhorst",
  title =	"An Analysis of Sparse Matrix Storage Schemes",
  booktitle =	"Mathematical Centre Tract (Vol. 150)",
  address =	"Mathematical Centre, Amsterdam, the Netherlands",
  year = 	"1982",
}


@Article{rei84,
  author =	"John H. Reif",
  title =	"Symmetric Complementation",
  journal =	"JACM: Journal of the ACM",
  volume =	"31",
  number =	"2",
  pages =       "401--421",
  year = 	"1984",
}

@Book{fis85,
  author = 	 {Peter C. Fishburn},
  ALTeditor = 	 {},
  title = 	 {Interval Orders and Interval Graphs},
  publisher = 	 {Wiley},
  year = 	 {1985},
  OPTkey = 	 {},
  OPTvolume = 	 {},
  OPTnumber = 	 {},
  OPTseries = 	 {},
  OPTaddress = 	 {},
  OPTedition = 	 {},
  OPTmonth = 	 {},
  OPTnote = 	 {},
  OPTannote = 	 {}
}

@Article{v85,
  title =	"Approximation of the Consecutive Ones Matrix
		 Augmentation Problem",
  author =	"Marinus  Veldhorst",
  pages =	"709--729",
  journal =	"SIAM Journal on Computing",
  year = 	"1985",
  month =	Aug,
  volume =	"14",
  number =	"3",
}

@Article{mw86,
  author = 	 {C.L. Monma and V.K. Wei},
  title = 	 {Intersection graphs of paths in a tree},
  journal = 	 {J. Combin. Theory Ser. B},
  year = 	 {1986},
  OPTkey = 	 {},
  OPTvolume = 	 {},
  number = 	 {41},
  pages = 	 {141--181},
  OPTmonth = 	 {},
  OPTnote = 	 {},
  OPTannote = 	 {}
}

@Article{kr88,
  author = 	 {P.N. Klein and J.H. Reif},
  title = 	 {An efficient parallel algorithm for planarity},
  journal = 	 {Journal of Computer and System Science},
  year = 	 {1988},
  volume = 	 {18},
  OPTnumber = 	 {},
  pages = 	 {190--246},
}

@Article{km89,
  title =	"An incremental linear-time algorithm for recognizing interval graphs", 
  author =	"N. Korte and R.H. Moehring",
  journal =	"SIAM J. Comput.",
  year = 	"1989",
  volume =	"",
  pages =	"68--81",
}

@techreport{n89,
  title =	"Generalized {PQ}-trees", 
  author =	"Mark B. Novick",
  year = 1989,
  month = {Dec},
  number = 	 {1074},
  institution = {Dept. of Computer Science, Cornell University},
  address = {Ithaca, NY 14853-7501},
  annote = 	 {Available from http://www.cs.cornell.edu}
} 


@article{ly91,
 author = {Lin Chen and Yaacov Yesha},
 title = {Parallel recognition of the consecutive ones property with applications},
 journal = {J. Algorithms},
 volume = {12},
 number = {3},
 year = {1991},
 issn = {0196-6774},
 pages = {375--392},
 publisher = {Academic Press, Inc.},
 address = {Duluth, MN, USA},
 }

@InProceedings{sl92,
  title =	"A Logspace Algorithm for Tree Canonization (Extended
		 Abstract)",
  author =	"Steven Lindell",
  publisher =	"ACM",
  year = 	"1992",
  bibdate =	"2006-04-25",
  booktitle =	"STOC",
  pages =	"400--404",
}

@techreport{ppy92,
 author = {Barry W. Peyton and Alex Pothen and Xiaoqing Yuan},
 title = {A Clique Tree Algorithm for Partitioning A Chordal Graph into Transitive Subgraphs},
 year = 1994,
 institution = {Old Dominion University},
 address = {Norfolk, VA, USA},
} 

@techreport{bp92,
  author =	"J. R. S. Blair and B. Peyton",
  title =	"An introduction to chordal graphs and clique trees",
  address = "Oak Ridge, Tennessee 37831",
  year = 1992,
  institution = "Oak Ridge National Laboratory", 
}

@Article{aas93,
  author =	"Alejandro A. Schaffer",
  title =	"A Faster Algorithm to Recognize Undirected Path
		 Graphs",
  journal =	"Discrete Applied Mathematics",
  volume =	"43",
  year = 	"1993",
  pages =       "261-295",
}

@Article{sb94,
  author = 	 {J.L. Szwarcfiter and C.F. Bornstein}, OPTtnote={this is the order of names in the paper},
  title = 	 {Clique graphs of chordal and path graphs},
  journal = 	 {SIAM. J. Disc. Math.},
  year = 	 {1994},
  OPTkey = 	 {},
  volume = 	 {7},
  OPTnumber = 	 {},
  pages = 	 {331--336},
  OPTmonth = 	 {},
  OPTnote = 	 {},
  OPTannote = 	 {}
}

@InProceedings{db95,
  author = 	 {E. Dahlhaus and G. Bailey},
  title = 	 {Recognition of path graphs in linear time},
  OPTcrossref =  {},
  OPTkey = 	 {},
  booktitle = {The Fifth Italian Conference on Theoretical Computer Science (Revello, 1995)},
  pages = 	 {201--210},
  year = 	 {1996},
  OPTeditor = 	 {},
  OPTvolume = 	 {},
  OPTnumber = 	 {},
  OPTseries = 	 {},
  address = 	 {River Edge, NJ},
  OPTmonth = 	 {},
  OPTorganization = {},
  publisher = {World Sci. Publishing},
  OPTnote = 	 {},
  OPTannote = 	 {}
}

@InProceedings{as95,
  author =	"Annexstein and Swaminathan",
  title =	"On Testing Consecutive-Ones Property in Parallel",
  booktitle =	"SPAA: Annual ACM Symposium on Parallel Algorithms and
		 Architectures",
  year = 	"1995",
}

@InProceedings{mm95,
  author =       {J. Meidanis and Erasmo G. Munuera},
  title = 	 {A simple linear time algorithm for binary phylogeny},
  year = 	 {1995},
  booktitle = {Proc. of the XV International Conference of the Chilean Computing Society},
  month = 	 {Nov},
  OPTcrossref =  {},
  OPTkey = 	 {},
  pages = 	 {275--283},
  editor = 	 {N. Ziviani and J. Piquer and B. Ribeiro and R. Baeza-Yates},
  OPTvolume = 	 {},
  OPTnumber = 	 {},
  OPTseries = 	 {},
  OPTaddress = 	 {},
  OPTmonth = 	 {},
  OPTorganization = {},
  OPTpublisher = {},
  OPTnote = 	 {},
  OPTannote = 	 {}
}


@Article{yc95,
  author =	"Gen-Huey Chen and Chang-Wu Yu",   OPTauthor =	"Chang-Wu Yu and Gen-Huey Chen",
  title =	"Efficient Parallel Algorithms for Doubly
		 Convex-Bipartite Graphs",
  journal =	"TCS: Theoretical Computer Science",
  pages =	"249--265",
  year = 	"1995",
  volume =	"147",
}

@Article{bpt96,
  author = 	 {L. Babel and I. N. Ponomarenko and G. Tinhofer},
  title = 	 {The isomorphism problem for directed path graphs and for rooted directed path graphs},
  journal = 	 {J. Algorithms},
  year = 	 {1996},
  OPTkey = 	 {},
  volume = 	 {21},
  number = 	 {3},
  pages = 	 {542--564},
  OPTmonth = 	 {},
  OPTnote = 	 {},
  OPTannote = 	 {}
}

@InProceedings{mm96,
  author        = {J. Meidanis and E. G. Munuera},
  title         = {A theory for the consecutive ones property},
  booktitle     = {Proc. of the III South American Workshop on String Processing},
  pages         = {194--202},
  year          = {1996},
  crossref =  {mpt98},
  OPTkey = 	 {},
  OPTeditor = 	 {N. Ziviani and R. Baeza-Yates and Katia Guimaraes},
  OPTvolume = 	 {},
  OPTnumber = 	 {},
  OPTseries = 	 {},
  address = 	 {Recife, Brazil},
  OPTmonth = 	 {},
  OPTorganization = {},
  OPTpublisher = {},
  OPTnote = 	 {},
  OPTannote = 	 {}
}



@Article{ckl96,
  author =	"R. Chandrasekaran and S. N. Kabadi and S.
		 Lakshminarayanan",
  title =	"An Extension of a Theorem of {Fulkerson} and {Gross}",
  journal =	"Linear Algebra and its Applications",
  volume =	"246",
  number =	"1--3",
  pages =	"23--29",
  month =	Oct,
  year = 	"1996",
  CODEN =	"LAAPAW",
  ISSN = 	"0024-3795",
  fjournal =	"Linear Algebra and its Applications",
}

NOTUSEDMisc{jlm97,
  OPTauthor =	"Michael J{\"u}nger and Michael Junger and Sebastian
		 Leipert and Petra Mutzel",
  OPTtitle =	"Pitfalls of using {PQ}-Trees in Automatic Graph
		 Drawing",
  OPTyear = 	"1997",
}

@Article{co98,
  author =	"Thomas Christof and Marcus Oswald and Gerhard
		 Reinelt",
  title =	"Consecutive Ones and a Betweenness Problem in
		 Computational Biology",
  journal =	"Lecture Notes in Computer Science",
  volume =	"1412",
  year = 	"1998",
}

@Article{mpt98,
  author =	"Meidanis and Porto and Telles",
  title =	"On the Consecutive Ones Property",
  journal =	"DAMATH: Discrete Applied Mathematics and Combinatorial
		 Operations Research and Computer Science",
  volume =	88,
  year = 	1998,
}

@Article{abh98,
  author =	"J. E. Atkins and E. G. Boman and B. Hendrickson",
  title =	"A Spectral Algorithm for Seriation and the Consecutive
		 Ones Problem",
  journal =	"SICOMP: SIAM Journal on Computing",
  volume =	"28",
  year = 	"1998",
}

@Article{f98,
  author =	"Uriel Feige",
  title =	"A Threshold of ln n for Approximating Set Cover",
  journal =	"J. ACM",
  year = 	"1998",
  number =	"4",
  volume =	"45",
  pages =	"634--652",
}

@Misc{th98,
  author =	"T. C. Hu and P. A. Tucker",
  title =	"Minimax Programs, Bitonic Columns and {PQ} Trees",
  year = 	"1998",
  month =	nov # "~29",
}

@Book{df99,
  author =	"R. G. Downey and M. R. Fellows",
  title =	"Parameterized Complexity",
  publisher =	"Springer",
  year = 	"1999",
}

@book{bls99,
 author = {Andreas Brandst\"{a}dt and Van Bang Le and Jeremy P. Spinrad},
 title = {Graph classes: a survey},
 year = {1999},
 isbn = {0-89871-432-X},
 publisher = {Society for Industrial and Applied Mathematics},
 address = {Philadelphia, PA, USA},
} 


@Article{sh99,
  author =	"W.K. Shih and W.L. Hsu",
  title =	"Note A new planarity test",
  journal =	"TCS: Theoretical Computer Science",
  pages =	"179--191",
  year = 	"1999",
  volume =	"223",
}



@Article{bhy00,
  author = 	 {Jorgen Bang-Jensen and Jing Huang and Anders Yeo},
  title = 	 {Convex-round and concave-round graphs},
  journal = 	 {SIAM Journal on Discrete Mathematics},
  year = 	 {2000},
  OPTkey = 	 {},
  volume = 	 {13},
  number = 	 {2},
  pages = 	 {179--193},
  OPTmonth = 	 {},
  OPTnote = 	 {[BHY00] Jørgen Bang-Jensen, Jing Huang, and Anders Yeo. Convex-round 
and concave-round graphs. SIAM Journal on Discrete Mathematics, 
13(2):179–193, 2000.},
  OPTannote = 	 {}
}

@Article{hmpv00,
  author =	 {Michel Habib and Ross M. McConnell and Christophe
                  Paul and Laurent Viennot},
  title =	 {Lex-{BFS} and partition refinement, with applications
                  to transitive orientation, interval graph
                  recognition and consecutive ones testing},
  journal =	 {Theoretical Computer Science},
  year =	 {2000},
  OPTkey =	 {},
  volume =	 {234},
  number =	 {1--2},
  pages =	 {59--84},
  OPTmonth =	 {},
  OPTnote =	 {},
  OPTannote =	 {}
}

@book{clrs01,
 author = {T.H. Cormen and C.E. Leiserson and R.L. Rivest and  C. Stein},
 title = {Introduction to Algorithms},
 year = {2001},
 publisher = {McGraw Hill}, 
 address = {Boston, MA, USA},
} 

@Article{wlh01,
  author =	"Wen-Lian Hsu",
  title =	"{PC}-Trees vs. {PQ}-Trees",
  journal =	"Lecture Notes in Computer Science",
  volume =	2108,
  pages =	"207--217",
  year = 	2001,
  CODEN =	"LNCSD9",
  ISSN = 	"0302-9743",
}

@Article{wlh02,
  title =	"A Simple Test for the Consecutive Ones Property",
  author =	"Wen-Lian Hsu",
  journal =	"J. Algorithms",
  year = 	"2002",
  number =	"1",
  volume =	"43",
  pages =	"1--16",
} 

@InProceedings{wlh92,
  author = 	 {Wen-Lian Hsu},
  title = 	 {A Simple Test for the Consecutive Ones Property},
  pages = 	 {459--469},
  year = 	 {1992},
  volume = 	 {650},
  series = 	 {LNCS},
  publisher = {Sprinver-Verlag},
  note = 	 {Later appeared in J. Algorithms 2002},
  crossref =  {wlh02},
  OPTkey = 	 {},
  booktitle = {Proc. of the ISAAC'92},
  OPTeditor = 	 {},
  OPTnumber = 	 {},
  OPTaddress = 	 {},
  OPTmonth = 	 {},
  OPTorganization = {},
}

@Article{km02,
  author =	"P. S. Kumar and C. E. Veni Madhavan",
  title =	"Clique tree generalization and new subclasses of
		 chordal graphs",
  publisher =	"Elsevier Science B.V.",
  journal = "Discrete Applied Mathematics",
  volume =  "117",
  issue = "1-3", 
  year = 	"2002",
  pages =	"109--131"
}

@Article{hg02,
  author =	"Ganjali and Hajiaghayi",
  title =	"A Note on the Consecutive Ones Submatrix Problem",
  journal =	"IPL: Information Processing Letters",
  volume =	"83",
  year = 	"2002",
}

@Article{hm03,
  title =	"{PC} trees and circular-ones arrangements",
  author =	"Wen-Lian Hsu and Ross M. McConnell",
  journal =	"Theoretical Computer Science",
  year = 	"2003",
  volume =	"296",
  pages =	"99--116",
}

@Article{ht02,
  author =	"Hochbaum and Tucker",
  title =	"Minimax Problems with Bitonic Matrices",
  journal =	"Networks: An International Journal",
  volume =	40,
  year = 	2002,
}

@Article{tm05,
  title =	"Building {PQR} trees in almost-linear time",
  author =	"Guilherme P. Telles and Jo{\~a}o Meidanis",
  journal =	"Electronic Notes in Discrete Mathematics",
  year = 	"2005",
  volume =	"19",
  pages =	"33--39",
}


@Misc{bs03,
  title =	"A New Parallel Algorithm for Planarity Testing",
  author =	"David A. Bader and Sukanya Sreshta",
  year = 	2003,
  month =	apr # "~11",
}


@Article{gm03,
  author = 	 {Marisa Gutierrez and Jo{\~a}o Meidanis},
  title = 	 {Recognizing clique graphs of directed edge path graphs},
  journal = 	 {Discrete Applied Mathematics},
  year = 	 {2003},
  OPTkey = 	 {},
  volume = 	 {126},
  OPTnumber = 	 {},
  pages = 	 {297--304},
  OPTmonth = 	 {},
  OPTnote = 	 {},
  OPTannote = 	 {}
}

@InProceedings{tz04,
  title =	"Approximation Algorithms for the Consecutive Ones
		 Submatrix Problem on Sparse Matrices",
  author =	"Jinsong Tan and Louxin Zhang",
  year = 	2004,
  volume =	3341,
  pages =	"835--846",
  series =	"Lecture Notes in Computer Science",
  OPTbooktitle = "---"
}

@InProceedings{jkckv04,
  author =	"Johnson and Krishnan and Chhugani and Kumar and
		 Venkatasubramanian",
  title =	"Compressing Large Boolean Matrices using Reordering
		 Techniques",
  booktitle =	"VLDB: International Conference on Very Large Data
		 Bases",
  publisher =	"Morgan Kaufmann Publishers",
  year = 	"2004",
}

@Book{mcg04,
  author =	"Martin Charles Golumbic",
  title =	"Algorithmic graph theory and perfect graphs",
  booktitle =	"Algorithmic graph theory and perfect graphs",
  pages =	"xxvi, 314",
  year = 	"2004",
  volume =	"57",
  series =	"Annals of Discrete Mathematics",
  publisher =	"Elsevier Science B.V.",
  note = 	"Second Edition",
  cdate =	"2005-06-09",
  mdate =	"2005-08-18",
}

@InProceedings{mcc04,
  author =	"Ross M. McConnell",
  title =	"A Certifying Algorithm for the Consecutive-Ones
		 Property",
  booktitle =	"SODA: ACM-SIAM Symposium on Discrete Algorithms (A
		 Conference on Theoretical and Experimental Analysis of
		 Discrete Algorithms)",
  year = 	"2004",
}

@PhdThesis{f05a,
  author =	"H. Fernau",
  title =	"Parameterized Algorithmics: {A} Graph-Theoretic
		 Approach",
  school =	"Universit{\"a}t T{\"u}bingen, Germany",
  year = 	"2005",
  type = 	"Habi\-li\-ta\-tions\-schrift",
}

@InProceedings{f05b,
  author =	"H. Fernau",
  title =	"Two-layer planarization: improving on parameterized
		 algorithmics",
  booktitle =	"SOFSEM",
  year = 	"2005",
  volume =	"3381",
  series =	"LNCS",
  pages =	"137--146",
  publisher =	"Springer",
}


@Article{sw05,
  author =	"M. Suderman and S. Whitesides",
  title =	"Experiments with the Fixed-Parameter Approach for
		 Two-Layer Planarization",
  journal =	"----jgaa----",
  volume =	"9",
  number =	"1",
  year = 	"2005",
  pages =	"149--163",
}

@Article{dfh06,
  author =	"Dujmovic and Fellows and Hallett and Kitching and
		 Liotta and McCartin and Nishimura and Ragde and
		 Rosamond and Suderman and Whitesides and Wood",
  title =	"A Fixed-Parameter Approach to 2-Layer Planarization",
  journal =	"ALGRTHMICA: Algorithmica",
  volume =	"45",
  year = 	"2006",
}

@Article{hl06,
  author =	"Dorit S. Hochbaum and Asaf Levin",
  title =	"Cyclical scheduling and multi-shift scheduling:
		 Complexity and approximation algorithms",
  journal =	"Discrete Optimization",
  year = 	"2006",
  number =	"4",
  volume =	"3",
  pages =	"327--340",
}

@Article{gar07,
  author = 	 {Frederic Gardi},
  title = 	 {The Roberts characterization of proper and unit interval graphs},
  journal = 	 {Discrete Mathematics},
  year = 	 {2007},
  volume = 	 {307},
  number = 	 {22},
  pages = 	 {2906--2908},
}

@Article{tz07,
  author =	"J. Tan and L. Zhang",
  title =	"The Consecutive Ones Submatrix Problem for Sparse
		 Matrices",
  journal =	"Algorithmica",
  volume =	"48",
  number =	"3",
  year = 	"2007",
  pages =	"287--299",
}

@InProceedings{dgn07,
  title =	"Approximability and Parameterized Complexity of
		 Consecutive Ones Submatrix Problems",
  author =	"Michael Dom and Jiong Guo and Rolf Niedermeier",
  booktitle =	"Theory and Applications of Models of Computation, 4th
		 International Conference, {TAMC} 2007, Shanghai, China,
		 May 22-25, 2007, Proceedings",
  publisher =	"Springer",
  year = 	2007,
  volume =	4484,
  pages =	"680--691",
  series =	"Lecture Notes in Computer Science",
}

@article{f08,
 author = {Fernau, Henning},
 title = {Parameterized algorithmics for linear arrangement problems},
 journal = {Discrete Appl. Math.},
 volume = {156},
 issue = {17},
 month = {October},
 year = {2008},
 issn = {0166-218X},
 pages = {3166--3177},
 numpages = {12},
 publisher = {Elsevier Science Publishers B. V.}, 
} 

@Article{rei08,
  title =	"Undirected connectivity in log-space",
  author =	"Omer Reingold",
  journal =	"J. ACM",
  year = 	"2008",
  number =	"4",
  volume =	"55"
}

@PhDThesis{       d08phd,
  author        = {Michael Dom},
  title         = {Recognition, Generation, and Application of Binary Matrices with the Consecutive-Ones Property},
  school        = {In\-sti\-tut f{\"u}r In\-for\-ma\-tik, Fried\-rich-Schil\-ler-Uni\-ver\-si\-t{\"a}t Je\-na, Germany},
  year          = 2008,
  note          = {Published by Cuvillier, 2009}
} 

@InCollection{ueh08,
  author = 	 {R. Uehara},
  title = 	 {Simple geometrical intersection graphs},
  booktitle = 	 {WALCOM},
  OPTcrossref =  {},
  OPTkey = 	 {},
  pages = 	 {25--33},
  publisher =    {Springer},
  year = 	 {2008},
  OPTeditor = 	 {},
  volume = 	 {4921},
  OPTnumber = 	 {},
  series = 	 {LNCS},
  OPTtype = 	 {},
  OPTchapter = 	 {},
  OPTaddress = 	 {},
  OPTedition = 	 {},
  OPTmonth = 	 {},
  OPTnote = 	 {},
  OPTannote = 	 {}
}

@article{btv09,
 author = {Bourke, Chris and Tewari, Raghunath and Vinodchandran, N. V.},
 title = {Directed Planar Reachability Is in Unambiguous Log-Space},
 journal = {ACM Trans. Comput. Theory},
 volume = {1},
 issue = {1},
 month = {February},
 year = {2009},
 issn = {1942-3454},
 pages = {4:1--4:17},
 articleno = {4},
 numpages = {17},
 publisher = {ACM}
} 

@Article{       nsnrs09,
  title =	 "A new characterization of matrices with the
                  consecutive ones property",
  author =	 "N. S. Narayanaswamy and R. Subashini",
  journal =	 "Discrete Applied Mathematics",
  year =	 2009,
  number =	 18,
  volume =	 157,
  bibdate =	 "2010-02-10",

  pages =	 "3721--3727"
}

@Article{dlntw09,
  author = 	 {Samir Datta and  Nutan Limaye and Prajakta Nimbhorkar and Thomas Thierauf and Fabian Wagner},
  title = 	 {Planar Graph Isomorphism is in Log-Space},
  journal = 	 {-- TTBBDD   --   Algebraic Methods in Computational Complexity},
  year = 	 {2009},
  OPTkey = 	 {},
  OPTvolume = 	 {},
  OPTnumber = 	 {},
  OPTpages = 	 {},
  OPTmonth = 	 {},
  OPTnote = 	 {},
  OPTannote = 	 {}
}

@Article{adkk09,
  author = 	 {V. Arvind and Bireswar Das and Johannes K{\''o}bler and Sebastian Kuhnert},
  title = 	 {The Isomorphism Problem for {k}-Trees is Complete for Logspace},
  journal = 	 {Electronic Colloquium on Computational Complexity},
  year = 	 {2009},
  OPTkey = 	 {},
  volume = 	 {--TBD--},
  number = 	 {53},
  OPTpages = 	 {},
  OPTmonth = 	 {},
  OPTnote = 	 {},
  OPTannote = 	 {}
}

@Article{kklv10,
  title =	"Interval Graphs: Canonical Representation in
		 Logspace",
  author =	"Johannes K{\"o}bler and Sebastian Kuhnert and Bastian
		 Laubner and Oleg Verbitsky",
  journal =	"Electronic Colloquium on Computational Complexity
		 (ECCC)",
  year = 	"2010",
  volume =	"17",
  pages =	"43",
}

@InProceedings{lau10,
  title =	"Capturing Polynomial Time on Interval Graphs",
  author =	"Bastian Laubner",
  publisher =	"IEEE Computer Society",
  year = 	"2010",
  booktitle =	"LICS",
  ISBN = 	"978-0-7695-4114-3",
  pages =	"199--208",
} 

@Article{l10,
  title =	"Capturing Polynomial Time on Interval Graphs",
  author =	"Bastian Laubner",
  journal =	"CoRR",
  year = 	"2009",
  volume =	"abs/0911.3799",
  note = 	"informal publication",
}

@Article{cha11,
  author = 	 {Steven Chaplick},
  title = 	 {Characterizing and Recognizing Path Graphs and Directed Path Graphs using {PR}-Trees},
  journal = 	 {Discrete Applied Mathematics (submitted)},
  year = 	 {2011},
  OPTkey = 	 {},
  OPTvolume = 	 {},
  OPTnumber = 	 {},
  OPTpages = 	 {},
  month = 	 {March},
  note = 	 {Preprint submitted. Revision available at http://www.cs.toronto.edu/~chaplick/PRtrees.pdf},
  OPTannote = 	 {}
}

@Book{wallace99,
  author = 	 {David Foster Wallace},
  title = 	 {Brief Interviews with Hideous Men},
  publisher = 	 {Little, Brown and Company},
  year = 	 {1999},
  month = 	 {May},
}

@Article{wallace96,
  author = 	 {Wallace, David Foster},
  title = 	 {The String Theory},
  isbn =         {0194-9535},
  journal =      {Esquire},
  month =        {July},
  OPTnote =         {ND: 20050809; RM: COPYRIGHT 2005 Gale Group},
  number =       {1},
  pages =        {56(14)},
  volume = 	 {126},
  year = 	 {1996},
  keywords =     {General; Tennis_Analysis; Tennis players_Behavior; Joyce, Michael_Behavior; Association of Tennis Professionals_Membership; Membership; Analysis; Behavior},
}



@article{wallace00,
  author = {Wallace, David Foster},
  title = {Rhetoric and the Math Melodrama},
  journal = {Science},
  month = {December},
  year = {2000},
  volume = {290},
  number = {22},
  pages =  {2263--2267},
}

@Book{wallace10,
  author = 	 {David Foster Wallace},
  title = 	 {Fate, Time, and Language: An Essay on Free Will},
  publisher = 	 {Columbia University Press},
  year = 	 {2010},
  edition = 	 {Reprint},
  month = 	 {December}
}




